@ARTICLE{2015arXiv151207914J,
   author = {{Juri{\'c}}, M. and {Kantor}, J. and {Lim}, K. and others},
    title = "{The LSST Data Management System}",
  journal = {ArXiv e-prints},
archivePrefix = "arXiv",
   volume = {arXiv:1512.07914},
 primaryClass = "astro-ph.IM",
 keywords = {Astrophysics - Instrumentation and Methods for Astrophysics},
     year = 2015,
   adsurl = {http://adsabs.harvard.edu/abs/2015arXiv151207914J},
  adsnote = {Provided by the SAO/NASA Astrophysics Data System}
}

@INPROCEEDINGS{2016SPIE.9911E..0NK,
   author = {{Kantor}, J. and {Long}, K. and {Becla}, J. and {Economou}, F. and
	{Gelman}, M. and {Juric}, M. and {Lambert}, R. and {Krughoff}, S. and
	{Swinbank}, J.~D. and {Wu}, X.},
    title = "{Agile software development in an earned value world: a survival guide}",
booktitle = {Modeling, Systems Engineering, and Project Management for Astronomy VI},
   editor = {George Z. Angeli and Philippe Dierickx},
     year = 2016,
   series = {Proc.\ SPIE},
   volume = 9911,
      eid = {99110N},
    pages = {99110N},
      doi = {10.1117/12.2233380},
   adsurl = {http://adsabs.harvard.edu/abs/2016SPIE.9911E..0NK},
  adsnote = {Provided by the SAO/NASA Astrophysics Data System}
}
